03626968357807479267244917177310053101374088638895208100109034531820095869672499157603447630296176184
90145789290307497777800816912440295504984260538732679050574786314727789326495590172838892636959877453
37229428736951864705157853566098109885643267533430659324794938288481904199786868845340928780742837326
44399880799505204762595963196608597649503290644490300601096058014358524154733441244450381430076630259
89294738658834789457923409028728251796936605591850054008061660055468526428528644516423664109940658535
69337920520953328965695870312463879655535881260754860130145151365518966802183192324777779366542717274
99669261364304563824282880184715268980654834550576335575767375136679452253373053504274243407775724166
94601749723665252326568901547075408922913351761407566877214391482928200988580374190291478973851012823
96845848448345180586261946676142003798701523354768946589269196739527652461339034813863265211006544702
19685860145483124374909062436833857145468081135123392962469269915088094532959231927976280464757735282
99734532614730538537060709636079285596876218681197204825084973070331010824281886963035056415424783953
02929638657115574060009191650430506066892800775580500914308237037485330674853603480133069727027955470
99522900637934783351135663475167535828194273581449456221968397959014667233655593346986581698174701770
