116801697221067179581422233914312525687165916371707565732445427586623730170191502590351750736646132436
597259969940353658774899162501802608105543922349966253866306539959836349805738828026331348876275315720
331125756880487383815476957344321356601905673202821990895345499859404240159155940895312891421045948743
442107312689706637573542543400044212408451776661082705424392109162098177759302928126002729393758996304
388704135649453589874192348757195092955552698702094894238408116093574441051943426593113910917673911617
262377256816306426382807408938614847445564530250275605257332110986764571362631230442009829455932064050
192018572670083282707544726507587416998824552082641137539268489948931477755063779676439755605762480547
494707102758414579552108138051729800629452554914400532907950105321156624118198493269274077725160586162
691659133226550026266513299894146876147052578512648811135750420407008454111085700425729124541293589176
412763394428875989718562360895269464129615632285763531125525702035825257042637323683069546320741573418
292215540773919208005593544240195218208228297242138529106298507686515096397017575097319694317998901068
602372828473602376673674694234358744581937706979921960896153440337143351243252776978528574743919507092
690097365614619091469018696162100933029974476561508614601737470762491456068980004594051255628744563754
