01190615575580473552715961223368952022775110133803046082787430221107877251539777370599170432024982114
97816137502970888846031066526701056118554604424646298941136589137161804567172444574225184124504894074
31618978487655527005020205912899049809743351388401282815898823405538373660422446541591751793418284427
41661701620609238406002372398420276425744845968188490516998852615588316974592212869157019566226475410
80834801079697112911914202117807083291978770025128682250580259654124299066862695493010968763475246697
65286369748336673027296320394069715715015590428178180800732184724646001979563071859480783904465998504
93536985363464458124644621342921760879844129414756965312234753038008113817841337030028656870662763941
99063943403434351915789135142876289077934363317858228202935676822786584404992203123159514819673508694
80884400523844897620074854070534757624871462189124423672199842255487989066991758302336881766078173657
81480384470633801864978889535623264625587397724979772547190472950826048204663427384512329042097258018
77081550183339813833551801057685819138551164139368954307390235177373805868719740691413293236256291316
82631235241893098673642667741328146688390398100593539025949302295806245371362942637272520482831752602
30376416539672071630915013974599031636183296161086946367097735103177908829460218896723638887595756030
